<?xml version="1.0" encoding="UTF-8"?><collection xmlns="http://www.loc.gov/MARC21/slim"><record><leader>00582nam--2200193-i-4500</leader><controlfield tag="001">000025535</controlfield><controlfield tag="002">20161230</controlfield><controlfield tag="005">20161230201036</controlfield><controlfield tag="008">060222s1000------------r-----000-0-rum-d</controlfield><datafield ind1=" " ind2=" " tag="040"><subfield code="a">IFIN-HH</subfield></datafield><datafield ind1=" " ind2=" " tag="041"><subfield code="a">rum</subfield></datafield><datafield ind1=" " ind2=" " tag="080"><subfield code="a">536.7(021)=59:621.1.016.7(021)=59</subfield></datafield><datafield ind1="1" ind2=" " tag="100"><subfield code="a">Jukovski, V.S</subfield></datafield><datafield ind1="1" ind2="0" tag="245"><subfield code="a">Termodinamica tehnica</subfield><subfield code="b">Traducere din limba rusa</subfield><subfield code="c">V.s. jukovski</subfield></datafield><datafield ind1=" " ind2=" " tag="260"><subfield code="a">Bucuresti</subfield><subfield code="b">Editura Tehnica</subfield><subfield code="c">1955</subfield></datafield><datafield ind1=" " ind2=" " tag="300"><subfield code="a">483P.+ 2 F.DIAGR.+ ERATA</subfield></datafield><datafield ind1=" " ind2=" " tag="500"><subfield code="a">Titlul Original In Limba Rusa: Tehnikeskaia Termodinamika</subfield></datafield><datafield ind1=" " ind2=" " tag="852"><subfield code="a">3999</subfield><subfield code="c">536.7</subfield></datafield><datafield ind1=" " ind2=" " tag="CAT"><subfield code="a">Sys</subfield><subfield code="c">20110513</subfield><subfield code="h">090058</subfield></datafield></record></collection>